<?xml version="1.0" encoding="UTF-8"?><collection xmlns="http://www.loc.gov/MARC21/slim"><record><leader>00415nam--2200145-i-4500</leader><controlfield tag="001">000050252</controlfield><controlfield tag="002">20161230</controlfield><controlfield tag="005">20161230201048</controlfield><controlfield tag="008">060222s1000------------r-----000-0-eng-d</controlfield><datafield ind1=" " ind2=" " tag="080"><subfield code="a">539.14:539.16/17</subfield></datafield><datafield ind1=" " ind2=" " tag="100"><subfield code="a">Balalaev,V.A.,Dzhelepov,B.S. I Ter-nersesianc,V.E</subfield></datafield><datafield ind1=" " ind2=" " tag="245"><subfield code="a">Izbranye iadra s massovym chislom a=169</subfield></datafield><datafield ind1=" " ind2=" " tag="260"><subfield code="a">Leningrad, Izd.Nauka, K1978. 280 S</subfield></datafield><datafield ind1=" " ind2=" " tag="490"><subfield code="a">Svoistva Atomnyh Iader</subfield></datafield><datafield ind1=" " ind2=" " tag="852"><subfield code="a">7201</subfield></datafield></record></collection>